@inproceedings{dunkels04contiki,
  author = {Adam Dunkels and Björn Grönvall and Thiemo Voigt},
  title = {Contiki - a Lightweight and Flexible Operating
                  System for Tiny Networked Sensors},
  year = 2004,
  month = nov,
  booktitle = {Proceedings of the First IEEE Workshop on Embedded
                  Networked Sensors (Emnets-I)},
  address = {Tampa, Florida, USA},
  url = {http://dunkels.com/adam/dunkels04contiki.pdf}
}