simonduquennoy.bib

@inproceedings{kovatsch12actinium,
  author = {Matthias Kovatsch and Martin Lanter and Simon Duquennoy},
  title = {{Actinium: A RESTful Runtime Container for Scriptable Internet of Things Applications}},
  booktitle = {Proceedings of the International Conference on the Internet of Things (IoT 2012)},
  month = oct,
  year = 2012,
  address = {Wuxi, China}
}
@inproceedings{dawans12link,
  author = {S\'ebastien Dawans and Simon Duquennoy},
  title = {{On Link Estimation in Dense RPL Deployments}},
  booktitle = {Proceedings of the International Workshop on Practical Issues in Building Sensor Network Applications (IEEE SenseApp 2012)},
  month = oct,
  year = 2012,
  address = {Clearwater, FL, USA},
  pdf = {http://www.simonduquennoy.net/papers/dawans12link.pdf}
}
@inproceedings{landsiedel12low-power,
  author = {Olaf Landsiedel and Euhanna Ghadimi and Simon Duquennoy and Mikael Johansson},
  title = {{Low Power, Low Delay: Opportunistic Routing meets Duty Cycling}},
  booktitle = {Proceedings of the International Conference on Information Processing in Sensor Networks (ACM IPSN 2012)},
  month = apr,
  year = 2012,
  address = {Beijing, China},
  pdf = {http://www.simonduquennoy.net/papers/landsiedel12low-power.pdf}
}
@article{raza12secure,
  author = {Shahid Raza and Simon Duquennoy and Joel H\"oglund and Utz Roedig and Thiemo Voigt},
  title = {{Secure Communication for the Internet of Things - A Comparison of Link-Layer Security and IPsec for 6LoWPAN}},
  journal = {Security and Communication Networks, Wiley},
  year = {2012},
  month = jan,
  doi = {10.1002/sec.406}
}
@inproceedings{duquennoy11lossy,
  author = {Simon Duquennoy and Fredrik \"Osterlind and Adam Dunkels},
  title = {{Lossy Links, Low Power, High Throughput}},
  booktitle = {Proceedings of the International Conference on Embedded Networked Sensor Systems (ACM SenSys 2011)},
  month = nov,
  year = 2011,
  address = {Seattle, WA, USA},
  pdf = {http://www.simonduquennoy.net/papers/duquennoy11lossy.pdf}
}
@inproceedings{kovatsch11low-power,
  author = {Matthias Kovatsch and Simon Duquennoy and Adam Dunkels},
  title = {{A Low-Power CoAP for Contiki}},
  booktitle = {Proceedings of the Workshop on Internet of Things Technology and Architectures (IEEE IoTech 2011)},
  month = oct,
  year = 2011,
  address = {Valencia, Spain},
  pdf = {http://www.simonduquennoy.net/papers/kovatsch11low-power.pdf}
}
@inproceedings{raza11securing,
  author = {Shahid Raza and Simon Duquennoy and Tony Chung and Dogan Yazar and Thiemo Voigt and Utz Roedig},
  title = {{Securing Communication in 6LoWPAN with Compressed IPsec}},
  booktitle = {Proceedings of the International Conference on Distributed Computing in Sensor Systems (IEEE DCOSS 2011)},
  month = jun,
  year = 2011,
  address = {Barcelona, Spain},
  pdf = {http://www.simonduquennoy.net/papers/raza11securing.pdf}
}
@inproceedings{duquennoy11leveraging,
  author = {Simon Duquennoy and Niklas Wirstr\"om and Nicolas Tsiftes and Adam Dunkels},
  title = {{Leveraging IP for Sensor Network Deployment}},
  booktitle = {Proceedings of the International Workshop on Extending the Internet to Low power and Lossy Networks (IP+SN 2011)},
  month = apr,
  year = 2011,
  address = {Chicago, IL, USA},
  pdf = {http://www.simonduquennoy.net/papers/duquennoy11leveraging.pdf}
}
@inproceedings{duquennoy09serving,
  author = {Simon Duquennoy and Gilles Grimaud and Jean-Jacques Vandewalle},
  title = {{Serving embedded content via Web applications: model, design and experimentation}},
  booktitle = {Proceedings of the International Conference on Embedded Software (ACM EMSOFT 2009)},
  month = oct,
  year = 2009,
  address = {Grenoble, France},
  pdf = {http://www.simonduquennoy.net/papers/duquennoy09serving.pdf}
}
@inproceedings{duquennoy09consistency,
  author = {Simon Duquennoy and Gilles Grimaud and Jean-Jacques Vandewalle},
  title = {{Consistency and scalability in event notification for embedded Web applications}},
  booktitle = {Proceedings of the International Symposium on Web Systems Evolution (IEEE WSE 2009)},
  month = sep,
  year = 2009,
  address = {Edmonton, Canada},
  pdf = {http://www.simonduquennoy.net/papers/duquennoy09consistency.pdf}
}
@inproceedings{duquennoy09web,
  author = {Simon Duquennoy and Gilles Grimaud and Jean-Jacques Vandewalle},
  title = {{The Web of Things: interconnecting devices with high usability and performance}},
  booktitle = {Proceedings of the International Conference on Embedded Software and Systems (IEEE ICESS 2009)},
  address = {HangZhou, Zhejiang, China},
  month = may,
  year = 2009,
  pdf = {http://www.simonduquennoy.net/papers/duquennoy09web.pdf}
}
@inproceedings{duquennoy09smews,
  author = {Simon Duquennoy and Gilles Grimaud and Jean-Jacques Vandewalle},
  title = {{Smews: Smart and Mobile Embedded Web Server}},
  booktitle = {Proceedings of the International Workshop on Intelligent, Mobile and Internet Services in Ubiquitous Computing (IMIS 2009)},
  month = mar,
  year = 2009,
  address = {Fukuoka, Japan},
  note = {Best Paper Award},
  pdf = {http://www.simonduquennoy.net/papers/duquennoy09smews.pdf}
}
@inproceedings{marquet07massively,
  author = {Philippe Marquet and Simon Duquennoy and Sébastien Le Beux and Samy Meftali and Jean-Luc Dekeyser},
  title = {{Massively Parallel Processing on a Chip}},
  booktitle = {Proceedings of the International Conference on Computing Frontiers (ACM CF 2007)},
  month = may,
  year = 2007,
  address = {Ischia, Italy},
  pdf = {http://www.simonduquennoy.net/papers/marquet07massively.pdf}
}
@inproceedings{duquennoy06mpnoc,
  author = {Simon Duquennoy and Sébastien Le Beux and Philippe Marquet and Samy Meftali and Jean-Luc Dekeyser},
  title = {{MpNoC Design: Modeling and Simulation}},
  booktitle = {Proceedings of the IP Based SoC Design Conference (IP-SoC 2006)},
  month = dec,
  year = 2006,
  address = {Grenoble, France},
  pdf = {http://www.simonduquennoy.net/papers/duquennoy06mpnoc.pdf}
}
@inproceedings{duquennoy13-opportunistic,
  author = {Simon Duquennoy and Olaf Landsiedel},
  title = {Poster Abstract: Opportunistic RPL},
  booktitle = {EWSN'13: Proceedings of the 10th European Conference on Wireless Sensor Networks},
  year = {2013},
  month = {February},
  note = {Poster Abstract},
  address = {Ghent, Belgium},
  pdf = {http://www.simonduquennoy.net/papers/duquennoy13-opportunistic.pdf}
}
@inproceedings{duquennoy11snap-demo,
  author = {Simon Duquennoy and Niklas Wirstr\"om and Adam Dunkels},
  title = {{Demo: Snap - Rapid Sensornet Deployment with a Sensornet Appstore}},
  booktitle = {Proceedings of the International Conference on Embedded Networked Sensor Systems (ACM SenSys 2011)},
  month = nov,
  year = 2011,
  note = {Demo Abstract},
  address = {Seattle, WA, USA},
  pdf = {http://www.simonduquennoy.net/papers/duquennoy11snap-demo.pdf}
}
@inproceedings{raza11securing-demo,
  author = {Shahid Raza and Simon Duquennoy and Thiemo Voigt and Utz Roedig},
  title = {{Demo Abstract: Securing Communication in 6LoWPAN with Compressed IPsec}},
  booktitle = {Proceedings of the International Conference on Distributed Computing in Sensor Systems (IEEE DCOSS 2011)},
  month = jun,
  year = 2011,
  address = {Barcelona, Spain},
  note = {Demo Abstract},
  pdf = {http://www.simonduquennoy.net/papers/raza11securing-demo.pdf}
}
@inproceedings{duquennoy10efficient-poster,
  author = {Simon Duquennoy and Gilles Grimaud},
  title = {{Efficient web requests scheduling considering resources sharing}},
  booktitle = {Proceedings of the Annual Meeting of the International Symposium on Modeling, Analysis and Simulation of Computer and Telecommunication Systems (IEEE MASCOTS 2010)},
  month = aug,
  year = 2010,
  address = {Miami Beach, FL, USA},
  note = {Poster paper},
  pdf = {http://www.simonduquennoy.net/papers/duquennoy10efficient.pdf}
}
@phdthesis{duquennoy10phd,
  author = {Simon Duquennoy},
  title = {{Smews : un système d'exploitation dédié au support d'applications Web en environnement contraint}},
  month = jul,
  year = 2010,
  school = {Université Lille 1 -- Sciences et Technologies},
  pdf = {http://www.simonduquennoy.net/papers/duquennoy10phd.pdf}
}
@inproceedings{duquennoy09servir,
  author = {Simon Duquennoy and Gilles Grimaud and Jean-Jacques Vandewalle},
  title = {{Servir du contenu embarqué via des applications Web : modèle, conception et expérimentation}},
  booktitle = {Proceedings of the Conférence Française en Systèmes d'Exploitation (ACM CFSE 2009)},
  month = sep,
  year = 2009,
  address = {Toulouse, France},
  pdf = {http://www.simonduquennoy.net/papers/duquennoy09servir.pdf}
}
@inproceedings{duquennoy08haute,
  author = {Simon Duquennoy and Gilles Grimaud and Jean-Jacques Vandewalle},
  title = {{Haute performance pour serveurs Web embarqués}},
  booktitle = {Proceedings of the Journées Doctorales en Informatique et Réseau (JDIR 2008)},
  month = jan,
  year = 2008,
  address = {Villeneuve d'Ascq, France},
  pdf = {http://www.simonduquennoy.net/papers/duquennoy08haute.pdf}
}
@mastersthesis{duquennoy07msc,
  author = {Simon Duquennoy},
  title = {{Haute performance pour serveurs Web embarqués}},
  month = jun,
  year = 2007,
  school = {Université de Lille 1},
  pdf = {http://www.simonduquennoy.net/papers/duquennoy07msc.pdf}
}
This file was generated by bibtex2html 1.96.